% Journals

% First the Full Name is given, then the abbreviation used in the AMS Math
% Reviews, with an indication if it could not be found there.
% Note the 2nd overwrites the 1st, so swap them if you want the full name.

 %{AMS}
@string{AMSTrans = "American Mathematical Society Translations" }
@string{AMSTrans = "Amer. Math. Soc. Transl." }
@string{BullAMS = "Bulletin of the American Mathematical Society" }
@string{BullAMS = "Bull. Amer. Math. Soc." }
@string{ProcAMS = "Proceedings of the American Mathematical Society" }
@string{ProcAMS = "Proc. Amer. Math. Soc." }
@string{TransAMS = "Transactions of the American Mathematical Society" }
@string{TransAMS = "Trans. Amer. Math. Soc." }
%ACM
@string{CACM = "Communications of the {ACM}" }
@string{CACM = "Commun. {ACM}" }
@string{CompServ = "Comput. Surveys" }
@string{JACM = "J. ACM" }
@string{ACMMathSoft = "{ACM} Transactions on Mathematical Software" }
@string{ACMMathSoft = "{ACM} Trans. Math. Software" }
@string{SIGNUM = "{ACM} {SIGNUM} Newsletter" }
@string{SIGNUM = "{ACM} {SIGNUM} Newslett." }
@string{AmerSocio = "American Journal of Sociology" }
@string{AmerStatAssoc = "Journal of the American Statistical Association" }
@string{AmerStatAssoc = "J. Amer. Statist. Assoc." }
@string{ApplMathComp = "Applied Mathematics and Computation" }
@string{ApplMathComp = "Appl. Math. Comput." }
@string{AmerMathMonthly = "American Mathematical Monthly" }
@string{AmerMathMonthly = "Amer. Math. Monthly" }
@string{BIT = "{BIT}" }
@string{BritStatPsych = "British Journal of Mathematical and Statistical
          Psychology" }
@string{BritStatPsych = "Brit. J. Math. Statist. Psych." }
@string{CanMathBull = "Canadian Mathematical Bulletin" }
@string{CanMathBull = "Canad. Math. Bull." }
@string{CompApplMath = "Journal of Computational and Applied Mathematics" }
@string{CompApplMath = "J. Comput. Appl. Math." }
@string{CompPhys = "Journal of Computational Physics" }
@string{CompPhys = "J. Comput. Phys." }
@string{CompStruct = "Computers and Structures" }
@string{CompStruct = "Comput. \& Structures" }
@string{CompJour = "The Computer Journal" }
@string{CompJour = "Comput. J." }
@string{CompSysSci = "Journal of Computer and System Sciences" }
@string{CompSysSci = "J. Comput. System Sci." }
@string{Computing = "Computing" }
@string{ContempMath = "Contemporary Mathematics" }
@string{ContempMath = "Contemp. Math." }
@string{Crelle = "Crelle's Journal" }
@string{GiornaleMath = "Giornale di Mathematiche" }
@string{GiornaleMath = "Giorn. Mat." }
% didn't find in AMS MR., ibid.

 %IEEE
@string{Computer = "{IEEE} Computer" }
@string{IEEETransComp = "{IEEE} Transactions on Computers" }
@string{IEEETransComp = "{IEEE} Trans. Comput." }
@string{IEEETransAC = "{IEEE} Transactions on Automatic Control" }
@string{IEEETransAC = "{IEEE} Trans. Automat. Control" }
@string{IEEESpec = "{IEEE} Spectrum" }
% didn't find in AMS MR
@string{ProcIEEE = "Proceedings of the {IEEE}" }
@string{ProcIEEE = "Proc. {IEEE}" }
% didn't find in AMS MR
@string{IEEETransAeroElec = "{IEEE} Transactions on Aerospace and Electronic
     Systems" }
@string{IEEETransAeroElec = "{IEEE} Trans. Aerospace Electron. Systems" }
@string{IMANumerAna = "{IMA} Journal of Numerical Analysis" }
@string{IMANumerAna = "{IMA} J. Numer. Anal." }
@string{InfProcLet = "Information Processing Letters" }
@string{InfProcLet = "Inform. Process. Lett." }
@string{InstMathApp = "Journal of the Institute of Mathematics and
     its Applications" }
@string{InstMathApp = "J. Inst. Math. Appl." }
@string{IntControl = "International Journal of Control" }
@string{IntControl = "Internat. J. Control" }
@string{IntNumerEng = "International Journal for Numerical Methods in
     Engineering" }
@string{IntNumerEng = "Internat. J. Numer. Methods Engrg." }
@string{IntSuper = "International Journal of Supercomputing Applications" }
@string{IntSuper = "Internat. J. Supercomputing Applic." }
% didn't find
%% in AMS MR
@string{Kibernetika = "Kibernetika" }
@string{JResNatBurStand = "Journal of Research of the National Bureau
     of Standards" }
@string{JResNatBurStand = "J. Res. Nat. Bur. Standards" }
@string{LinAlgApp = "Linear Algebra and its Applications" }
@string{LinAlgApp = "Linear Algebra Appl." }
@string{MathAnaAppl = "Journal of Mathematical Analysis and Applications" }
@string{MathAnaAppl = "J. Math. Anal. Appl." }
@string{MathAnnalen = "Mathematische Annalen" }
@string{MathAnnalen = "Math. Ann." }
@string{MathPhys = "Journal of Mathematical Physics" }
@string{MathPhys = "J. Math. Phys." }
@string{MathComp = "Mathematics of Computation" }
@string{MathComp = "Math. Comp." }
@string{MathScand = "Mathematica Scandinavica" }
@string{MathScand = "Math. Scand." }
@string{TablesAidsComp = "Mathematical Tables and Other Aids to Computation" }
@string{TablesAidsComp = "Math. Tables Aids Comput." }
@string{NumerMath = "Numerische Mathematik" }
@string{NumerMath = "Numer. Math." }
@string{PacificMath = "Pacific Journal of Mathematics" }
@string{PacificMath = "Pacific J. Math." }
@string{ParDistComp = "Journal of Parallel and Distributed Computing" }
@string{ParDistComp = "J. Parallel and Distrib. Comput." }
% didn't find
%% in AMS MR
@string{ParComputing = "Parallel Computing" }
@string{ParComputing = "Parallel Comput." }
@string{PhilMag = "Philosophical Magazine" }
@string{PhilMag = "Philos. Mag." }
@string{ProcNAS = "Proceedings of the National Academy of Sciences
                    of the USA" }
@string{ProcNAS = "Proc. Nat. Acad. Sci. U. S. A." }
@string{Psychometrika = "Psychometrika" }
@string{QuartMath = "Quarterly Journal of Mathematics, Oxford, Series (2)" }
@string{QuartMath = "Quart. J. Math. Oxford Ser. (2)" }
@string{QuartApplMath = "Quarterly of Applied Mathematics" }
@string{QuartApplMath = "Quart. Appl. Math." }
@string{RevueInstStat = "Review of the International Statisical Institute" }
@string{RevueInstStat = "Rev. Inst. Internat. Statist." }
%SIAM
@string{JSIAM = "Journal of the Society for Industrial and Applied
     Mathematics" }
@string{JSIAM = "J. Soc. Indust. Appl. Math." }
@string{JSIAMB = "Journal of the Society for Industrial and Applied
     Mathematics, Series B, Numerical Analysis" }
@string{JSIAMB = "J. Soc. Indust. Appl. Math. Ser. B Numer. Anal." }
@string{SIAMAlgMeth = "{SIAM} Journal on Algebraic and Discrete Methods" }
@string{SIAMAlgMeth = "{SIAM} J. Algebraic Discrete Methods" }
@string{SIAMAppMath = "{SIAM} Journal on Applied Mathematics" }
@string{SIAMAppMath = "{SIAM} J. Appl. Math." }
@string{SIAMComp = "{SIAM} Journal on Computing" }
@string{SIAMComp = "{SIAM} J. Comput." }
@string{SIAMMatrix = "{SIAM} Journal on Matrix Analysis and Applications" }
@string{SIAMMatrix = "{SIAM} J. Matrix Anal. Appl." }
@string{SIAMNumAnal = "{SIAM} Journal on Numerical Analysis" }
@string{SIAMNumAnal = "{SIAM} J. Numer. Anal." }
@string{SIAMReview = "{SIAM} Review" }
@string{SIAMReview = "{SIAM} Rev." }
@string{SIAMSciStat = "{SIAM} Journal on Scientific and Statistical
     Computing" }
@string{SIAMSciStat = "{SIAM} J. Sci. Statist. Comput." }
@string{SoftPracExp = "Software Practice and Experience" }
@string{SoftPracExp = "Software Prac. Experience" }
% didn't find in AMS MR
@string{StatScience = "Statistical Science" }
@string{StatScience = "Statist. Sci." }
@string{Techno = "Technometrics" }
@string{USSRCompMathPhys = "{USSR} Computational Mathematics and Mathematical
     Physics" }
@string{USSRCompMathPhys = "{U. S. S. R.} Comput. Math. and Math. Phys." }
@string{VLSICompSys = "Journal of {VLSI} and Computer Systems" }
@string{VLSICompSys = "J. {VLSI} Comput. Syst." }
@string{ZAngewMathMech = "Zeitschrift fur Angewandte Mathematik und
     Mechanik" }
@string{ZAngewMathMech = "Z. Angew. Math. Mech." }
@string{ZAngewMathPhys = "Zeitschrift fur Angewandte Mathematik und Physik" }
@string{ZAngewMathPhys = "Z. Angew. Math. Phys." }
% Publishers % ================================================= |
@string{Academic = "Academic Press" }
@string{ACMPress = "{ACM} Press" }
@string{AdamHilger = "Adam Hilger" }
@string{AddisonWesley = "Addison-Wesley" }
@string{AllynBacon = "Allyn and Bacon" }
@string{AMS = "American Mathematical Society" }
@string{Birkhauser = "Birkha{\"u}ser" }
@string{CambridgePress = "Cambridge University Press" }
@string{Chelsea = "Chelsea" }
@string{ClaredonPress = "Claredon Press" }
@string{DoverPub = "Dover Publications" }
@string{Eyolles = "Eyolles" }
@string{HoltRinehartWinston = "Holt, Rinehart and Winston" }
@string{Interscience = "Interscience" }
@string{JohnsHopkinsPress = "The Johns Hopkins University Press" }
@string{JohnWileySons = "John Wiley and Sons" }
@string{Macmillan = "Macmillan" }
@string{MathWorks = "The Math Works Inc." }
@string{McGrawHill = "McGraw-Hill" }
@string{NatBurStd = "National Bureau of Standards" }
@string{NorthHolland = "North-Holland" }
@string{OxfordPress = "Oxford University Press" }
%address Oxford or London?
@string{PergamonPress = "Pergamon Press" }
@string{PlenumPress = "Plenum Press" }
@string{PrenticeHall = "Prentice-Hall" }
@string{SIAMPub = "{SIAM} Publications" }
@string{Springer = "Springer-Verlag" }
@string{TexasPress = "University of Texas Press" }
@string{VanNostrand = "Van Nostrand" }
@string{WHFreeman = "W. H. Freeman and Co." }
% Bibliography Starts
@article{DBLP:journals/corr/abs-2005-14165,
  author        = {Tom B. Brown and Benjamin Mann and Nick Ryder and Melanie Subbiah and Jared Kaplan and Prafulla Dhariwal and Arvind Neelakantan and Pranav Shyam and Girish Sastry and Amanda Askell and Sandhini Agarwal and Ariel Herbert{-}Voss and Gretchen Krueger and Tom Henighan and Rewon Child and Aditya Ramesh and Daniel M. Ziegler and Jeffrey Wu and Clemens Winter and Christopher Hesse and Mark Chen and Eric Sigler and Mateusz Litwin and Scott Gray and Benjamin Chess and Jack Clark and Christopher Berner and Sam McCandlish and Alec Radford and Ilya Sutskever and Dario Amodei},
  title         = {Language Models are Few-Shot Learners},
  journal       = {CoRR},
  volume        = {abs/2005.14165},
  year          = {2020},
  url           = {https://arxiv.org/abs/2005.14165},
  eprinttype    = {arXiv},
  eprint        = {2005.14165},
  timestamp     = {Thu, 25 May 2023 10:38:31 +0200},
  biburl        = {https://dblp.org/rec/journals/corr/abs-2005-14165.bib},
  bibsource     = {dblp computer science bibliography, https://dblp.org}
}
@article{DBLP:journals/corr/abs-2201-11990,
  author        = {Shaden Smith and Mostofa Patwary and Brandon Norick and Patrick LeGresley and Samyam Rajbhandari and Jared Casper and Zhun Liu and Shrimai Prabhumoye and George Zerveas and Vijay Korthikanti and Elton Zheng and Rewon Child and Reza Yazdani Aminabadi and Julie Bernauer and Xia Song and Mohammad Shoeybi and Yuxiong He and Michael Houston and Saurabh Tiwary and Bryan Catanzaro},
  title         = {Using DeepSpeed and Megatron to Train Megatron-Turing {NLG} 530B, {A} Large-Scale Generative Language Model},
  journal       = {CoRR},
  volume        = {abs/2201.11990},
  year          = {2022},
  url           = {https://arxiv.org/abs/2201.11990},
  eprinttype    = {arXiv},
  eprint        = {2201.11990},
  timestamp     = {Wed, 02 Feb 2022 15:00:01 +0100},
  biburl        = {https://dblp.org/rec/journals/corr/abs-2201-11990.bib},
  bibsource     = {dblp computer science bibliography, https://dblp.org}
}
@article{ShazeerMMDLHD17,
  author        = {Noam Shazeer and Azalia Mirhoseini and Krzysztof Maziarz and Andy Davis and Quoc V. Le and Geoffrey E. Hinton and Jeff Dean},
  title         = {Outrageously Large Neural Networks: The Sparsely-Gated Mixture-of-Experts Layer},
  journal       = {arXiv},
  volume        = {abs/1701.06538},
  year          = {2017},
  url           = {http://arxiv.org/abs/1701.06538},
  eprinttype    = {arXiv},
  eprint        = {1701.06538},
  timestamp     = {Mon, 13 Aug 2018 16:46:11 +0200},
  biburl        = {https://dblp.org/rec/journals/corr/ShazeerMMDLHD17.bib},
  bibsource     = {dblp computer science bibliography, https://dblp.org}
}
@inproceedings{288705,
  author        = {Jiamin Li and Yimin Jiang and Yibo Zhu and Cong Wang and Hong Xu},
  title         = {Accelerating Distributed {MoE} Training and Inference with Lina},
  booktitle     = {2023 USENIX Annual Technical Conference (USENIX ATC 23)},
  year          = {2023},
  isbn          = {978-1-939133-35-9},
  address       = {Boston, MA},
  pages         = {945--959},
  url           = {https://www.usenix.org/conference/atc23/presentation/li-jiamin},
  publisher     = {USENIX Association},
  month         = jul
}
@inproceedings{NEURIPS2017_3f5ee243,
  author        = {Vaswani, Ashish and Shazeer, Noam and Parmar, Niki and Uszkoreit, Jakob and Jones, Llion and Gomez, Aidan N and Kaiser, \L ukasz and Polosukhin, Illia},
  booktitle     = {Advances in Neural Information Processing Systems},
  editor        = {I. Guyon and U. Von Luxburg and S. Bengio and H. Wallach and R. Fergus and S. Vishwanathan and R. Garnett},
  pages         = {},
  publisher     = {Curran Associates, Inc.},
  title         = {Attention is All you Need},
  url           = {https://proceedings.neurips.cc/paper\_files/paper/2017/file/3f5ee243547dee91fbd053c1c4a845aa-Paper.pdf},
  volume        = {30},
  year          = {2017}
}
@inproceedings{NEURIPS2021_48237d9f,
  author        = {Riquelme, Carlos and Puigcerver, Joan and Mustafa, Basil and Neumann, Maxim and Jenatton, Rodolphe and Susano Pinto, Andr\'{e} and Keysers, Daniel and Houlsby, Neil},
  booktitle     = {Advances in Neural Information Processing Systems},
  editor        = {M. Ranzato and A. Beygelzimer and Y. Dauphin and P.S. Liang and J. Wortman Vaughan},
  pages         = {8583--8595},
  publisher     = {Curran Associates, Inc.},
  title         = {Scaling Vision with Sparse Mixture of Experts},
  url           = {https://proceedings.neurips.cc/paper\_files/paper/2021/file/48237d9f2dea8c74c2a72126cf63d933-Paper.pdf},
  volume        = {34},
  year          = {2021}
}
@inproceedings{NEURIPS2022_3e67e84a,
  author        = {Mustafa, Basil and Riquelme, Carlos and Puigcerver, Joan and Jenatton, Rodolphe and Houlsby, Neil},
  booktitle     = {Advances in Neural Information Processing Systems},
  editor        = {S. Koyejo and S. Mohamed and A. Agarwal and D. Belgrave and K. Cho and A. Oh},
  pages         = {9564--9576},
  publisher     = {Curran Associates, Inc.},
  title         = {Multimodal Contrastive Learning with LIMoE: the Language-Image Mixture of Experts},
  url           = {https://proceedings.neurips.cc/paper\_files/paper/2022/file/3e67e84abf900bb2c7cbd5759bfce62d-Paper-Conference.pdf},
  volume        = {35},
  year          = {2022}
}
@inproceedings{pmlr-v162-du22c,
  title         = {{GL}a{M}: Efficient Scaling of Language Models with Mixture-of-Experts},
  author        = {Du, Nan and Huang, Yanping and Dai, Andrew M and Tong, Simon and Lepikhin, Dmitry and Xu, Yuanzhong and Krikun, Maxim and Zhou, Yanqi and Yu, Adams Wei and Firat, Orhan and Zoph, Barret and Fedus, Liam and Bosma, Maarten P and Zhou, Zongwei and Wang, Tao and Wang, Emma and Webster, Kellie and Pellat, Marie and Robinson, Kevin and Meier-Hellstern, Kathleen and Duke, Toju and Dixon, Lucas and Zhang, Kun and Le, Quoc and Wu, Yonghui and Chen, Zhifeng and Cui, Claire},
  booktitle     = {Proceedings of the 39th International Conference on Machine Learning},
  pages         = {5547--5569},
  year          = {2022},
  editor        = {Chaudhuri, Kamalika and Jegelka, Stefanie and Song, Le and Szepesvari, Csaba and Niu, Gang and Sabato, Sivan},
  volume        = {162},
  series        = {Proceedings of Machine Learning Research},
  month         = {17--23 Jul},
  publisher     = {PMLR},
  pdf           = {https://proceedings.mlr.press/v162/du22c/du22c.pdf},
  url           = {https://proceedings.mlr.press/v162/du22c.html}
}
@inproceedings{pmlr-v162-rajbhandari22a,
  title         = {{D}eep{S}peed-{M}o{E}: Advancing Mixture-of-Experts Inference and Training to Power Next-Generation {AI} Scale},
  author        = {Rajbhandari, Samyam and Li, Conglong and Yao, Zhewei and Zhang, Minjia and Aminabadi, Reza Yazdani and Awan, Ammar Ahmad and Rasley, Jeff and He, Yuxiong},
  booktitle     = {Proceedings of the 39th International Conference on Machine Learning},
  pages         = {18332--18346},
  year          = {2022},
  editor        = {Chaudhuri, Kamalika and Jegelka, Stefanie and Song, Le and Szepesvari, Csaba and Niu, Gang and Sabato, Sivan},
  volume        = {162},
  series        = {Proceedings of Machine Learning Research},
  month         = {17--23 Jul},
  publisher     = {PMLR},
  pdf           = {https://proceedings.mlr.press/v162/rajbhandari22a/rajbhandari22a.pdf},
  url           = {https://proceedings.mlr.press/v162/rajbhandari22a.html}
}
@misc{zoph2022stmoe,
  title         = {ST-MoE: Designing Stable and Transferable Sparse Expert Models},
  author        = {Barret Zoph and Irwan Bello and Sameer Kumar and Nan Du and Yanping Huang and Jeff Dean and Noam Shazeer and William Fedus},
  year          = {2022},
  eprint        = {2202.08906},
  archiveprefix = {arXiv},
  primaryclass  = {cs.CL}
}